@misc{icebear,
    title = {Icebar},
    author = {The Icebar Company},
    year = {2024},
    howpublished = {Online},
    note = {Accessed on January 1, 2024},
}
